<record><leader>00000cas a2200000 a 4500</leader><controlfield tag="001">31144074</controlfield><controlfield tag="007">co ugu||||||||</controlfield><controlfield tag="008">940920c19uu9999ctumr n q     0    0eng c</controlfield><datafield ind1=" " ind2=" " tag="010"><subfield code="a">sn 95017894 </subfield></datafield><datafield ind1=" " ind2=" " tag="040"><subfield code="a">EYM</subfield><subfield code="b">eng</subfield><subfield code="c">EYM</subfield><subfield code="d">CLU</subfield><subfield code="d">OCL</subfield><subfield code="d">CLU</subfield><subfield code="d">OCLCQ</subfield><subfield code="d">OCLCO</subfield></datafield><datafield ind1="1" ind2=" " tag="029"><subfield code="a">AU@</subfield><subfield code="b">000001150095</subfield></datafield><datafield ind1=" " ind2=" " tag="042"><subfield code="a">pcc</subfield></datafield><datafield ind1=" " ind2=" " tag="043"><subfield code="a">n-us-ca</subfield></datafield><datafield ind1="0" ind2="0" tag="245"><subfield code="a">CD news.</subfield><subfield code="p">Los Angeles Times</subfield><subfield code="h">[electronic resource].</subfield></datafield><datafield ind1="1" ind2="3" tag="246"><subfield code="a">Newspapers on CD ROM.</subfield><subfield code="p">Los Angeles Times</subfield></datafield><datafield ind1="3" ind2="0" tag="246"><subfield code="a">Los Angeles Times</subfield></datafield><datafield ind1=" " ind2=" " tag="260"><subfield code="a">New Canaan, CT :</subfield><subfield code="b">NewsBank</subfield></datafield><datafield ind1=" " ind2=" " tag="300"><subfield code="a">CD-ROMs ;</subfield><subfield code="c">4 3/4 in. +</subfield><subfield code="e">2 computer disks, 3 1/2 in. + 1 user manual + 2 posters.</subfield></datafield><datafield ind1=" " ind2=" " tag="310"><subfield code="a">Monthly, with annual cumulations</subfield></datafield><datafield ind1=" " ind2=" " tag="520"><subfield code="a">Provides full-text access to printed articles and indexes to them.</subfield></datafield><datafield ind1=" " ind2=" " tag="538"><subfield code="a">System requirements: IBM PC or compatible; 640 K and hard disk; CD ROM player.</subfield></datafield><datafield ind1=" " ind2=" " tag="588"><subfield code="a">Description based on: 1985; title from disc label.</subfield></datafield><datafield ind1=" " ind2=" " tag="588"><subfield code="a">Latest issue consulted: Jan.-Feb. 1995</subfield></datafield><datafield ind1="0" ind2="0" tag="630"><subfield code="a">Los Angeles times</subfield><subfield code="v">Indexes.</subfield></datafield><datafield ind1=" " ind2="0" tag="651"><subfield code="a">Los Angeles (Calif.)</subfield><subfield code="x">Newspapers</subfield><subfield code="v">Databases.</subfield></datafield><datafield ind1="2" ind2=" " tag="710"><subfield code="a">NewsBank, inc.</subfield></datafield><datafield ind1=" " ind2=" " tag="752"><subfield code="a">United States</subfield><subfield code="b">California</subfield><subfield code="c">Los Angeles</subfield><subfield code="d">Los Angeles.</subfield></datafield><datafield ind1="1" ind2=" " tag="776"><subfield code="a">Los Angeles times</subfield><subfield code="w">(DLC)sn 81004356</subfield><subfield code="w">(OCoLC)3638237</subfield></datafield><datafield ind1=" " ind2=" " tag="850"><subfield code="a">CLU</subfield></datafield></record>